{
  "leader": "03616cam a2200445 a 4500",
  "fields": [
    {
      "001": "ocm23731529\\"
    },
    {
      "003": "OCoLC"
    },
    {
      "005": "20211008120539.0"
    },
    {
      "008": "910418s1991\\\\\\\\nyua\\\\\\\\\\b\\\\\\\\001\\0\\eng\\\\"
    },
    {
      "010": {
        "ind1": "\\",
        "ind2": "\\",
        "subfields": [
          {
            "a": "   91003870 "
          }
        ]
      }
    },
    {
      "040": {
        "ind1": "\\",
        "ind2": "\\",
        "subfields": [
          {
            "a": "DLC"
          },
          {
            "b": "eng"
          },
          {
            "c": "DLC"
          },
          {
            "d": "COU"
          },
          {
            "d": "NLM"
          },
          {
            "d": "MUQ"
          },
          {
            "d": "BAKER"
          },
          {
            "d": "BTCTA"
          },
          {
            "d": "YDXCP"
          },
          {
            "d": "OCLCG"
          },
          {
            "d": "OCLCO"
          },
          {
            "d": "OCLCF"
          },
          {
            "d": "OCLCQ"
          },
          {
            "d": "OCLCO"
          },
          {
            "d": "OCLCQ"
          },
          {
            "d": "CN5CF"
          },
          {
            "d": "EUQ"
          },
          {
            "d": "OCLCO"
          },
          {
            "d": "OCLCA"
          },
          {
            "d": "OCLCQ"
          }
        ]
      }
    },
    {
      "016": {
        "ind1": "7",
        "ind2": "\\",
        "subfields": [
          {
            "a": "9212722"
          },
          {
            "2": "DNLM"
          }
        ]
      }
    },
    {
      "019": {
        "ind1": "\\",
        "ind2": "\\",
        "subfields": [
          {
            "a": "26553130"
          },
          {
            "a": "1065075965"
          },
          {
            "a": "1074305881"
          },
          {
            "a": "1080743020"
          },
          {
            "a": "1084815343"
          },
          {
            "a": "1084824089"
          }
        ]
      }
    },
    {
      "020": {
        "ind1": "\\",
        "ind2": "\\",
        "subfields": [
          {
            "a": "0826176402"
          }
        ]
      }
    },
    {
      "020": {
        "ind1": "\\",
        "ind2": "\\",
        "subfields": [
          {
            "a": "9780826176400"
          }
        ]
      }
    },
    {
      "035": {
        "ind1": "\\",
        "ind2": "\\",
        "subfields": [
          {
            "a": "(OCoLC)23731529"
          },
          {
            "z": "(OCoLC)26553130"
          },
          {
            "z": "(OCoLC)1065075965"
          },
          {
            "z": "(OCoLC)1074305881"
          },
          {
            "z": "(OCoLC)1080743020"
          },
          {
            "z": "(OCoLC)1084815343"
          },
          {
            "z": "(OCoLC)1084824089"
          }
        ]
      }
    },
    {
      "043": {
        "ind1": "\\",
        "ind2": "\\",
        "subfields": [
          {
            "a": "n-us---"
          }
        ]
      }
    },
    {
      "050": {
        "ind1": "0",
        "ind2": "0",
        "subfields": [
          {
            "a": "HV1457"
          },
          {
            "b": ".L58 1991"
          }
        ]
      }
    },
    {
      "060": {
        "ind1": "0",
        "ind2": "0",
        "subfields": [
          {
            "a": "WT 30"
          },
          {
            "b": "L785 1991"
          }
        ]
      }
    },
    {
      "082": {
        "ind1": "0",
        "ind2": "4",
        "subfields": [
          {
            "a": "362.63"
          },
          {
            "b": "LIV"
          }
        ]
      }
    },
    {
      "245": {
        "ind1": "0",
        "ind2": "4",
        "subfields": [
          {
            "a": "The Living-at-home program :"
          },
          {
            "b": "innovations in service access and case management /"
          },
          {
            "c": "Morton D. Bogdonoff [and others]."
          }
        ]
      }
    },
    {
      "260": {
        "ind1": "\\",
        "ind2": "\\",
        "subfields": [
          {
            "a": "New York :"
          },
          {
            "b": "Springer,"
          },
          {
            "c": "\u00a91991."
          }
        ]
      }
    },
    {
      "300": {
        "ind1": "\\",
        "ind2": "\\",
        "subfields": [
          {
            "a": "ix, 318 pages :"
          },
          {
            "b": "illustrations ;"
          },
          {
            "c": "24 cm"
          }
        ]
      }
    },
    {
      "336": {
        "ind1": "\\",
        "ind2": "\\",
        "subfields": [
          {
            "a": "text"
          },
          {
            "b": "txt"
          },
          {
            "2": "rdacontent"
          }
        ]
      }
    },
    {
      "337": {
        "ind1": "\\",
        "ind2": "\\",
        "subfields": [
          {
            "a": "unmediated"
          },
          {
            "b": "n"
          },
          {
            "2": "rdamedia"
          }
        ]
      }
    },
    {
      "338": {
        "ind1": "\\",
        "ind2": "\\",
        "subfields": [
          {
            "a": "volume"
          },
          {
            "b": "nc"
          },
          {
            "2": "rdacarrier"
          }
        ]
      }
    },
    {
      "504": {
        "ind1": "\\",
        "ind2": "\\",
        "subfields": [
          {
            "a": "Includes bibliographical references and index."
          }
        ]
      }
    },
    {
      "505": {
        "ind1": "0",
        "ind2": "\\",
        "subfields": [
          {
            "a": "Sect. I. What Is the Living-at-Home Program? -- 1. Home Care for Frail Elders: Background Issues and Open Questions / Morton D. Bogdonoff -- 2. An Overview of the Living-at-Home Program / Morton D. Bogdonoff -- 3. The National Evaluation of the Living-at-Home Program / Susan L. Hughes, Larry M. Manheim, Marylou Guihan, Martin McCarthy, Jr., Perry Edelman and Stephen M. Shortell -- 4. Targeting Home Care for Cost Effectiveness / William G. Weissert -- Sect. II. Narrative Descriptions / Emily Paulsen -- pt. I. Enhancing Cooperation Among Agencies -- 5. The Many Meanings of Respite; Chicago -- 6. United by Technology; Cincinnati -- 7. Emergency Assistance; Miami -- pt. II. Innovations in Housing -- 8. Facing the Housing Crisis; Boston -- 9. The Making of a Resident Advocate; San Francisco -- pt. III. Innovations in Neighborhood Outreach -- 10. Tapping Neighborhood Resources; Durham -- 11. Building on a Strong Foundation; Pittsburgh -- 12. A Tale of Two Neighborhoods; Saint Paul -- 13. Big City, Tight Focus; New York -- pt. IV. Reaching Out to Ethnic Elders -- 14. Linkages for an Isolated Chinese Population; Boston -- 15. Reaching the Unreached in Chinatown; New York -- 16. An Uphill Battle Worth Fighting for Hispanic Elders; New York -- pt. V. Extending Social Services -- 17. Services to Fill the Gaps; Charlotte -- 18. On the Leading Edge; Pasadena -- 19. Urban Countryside; Oklahoma City -- 20. Sequence of Change; Nashville -- 21. Blending the Informal and Formal Systems of Care; Milwaukee -- 22. The Notch Group; Tucson -- pt. VI. Emphasis on Financing Needed Services -- 23. Home Is Where the Heart Is; Buffalo -- 24. Challenges of a Start-up; Denver -- Appendix The Origin, Design, and Central Administration of the Living-at-Home Program / Morton D. Bogdonoff."
          }
        ]
      }
    },
    {
      "650": {
        "ind1": "\\",
        "ind2": "0",
        "subfields": [
          {
            "a": "Older people"
          },
          {
            "x": "Home care"
          },
          {
            "z": "United States."
          }
        ]
      }
    },
    {
      "650": {
        "ind1": "\\",
        "ind2": "2",
        "subfields": [
          {
            "a": "Aged."
          }
        ]
      }
    },
    {
      "650": {
        "ind1": "\\",
        "ind2": "2",
        "subfields": [
          {
            "a": "Health Services for the Aged"
          },
          {
            "x": "organization & administration."
          }
        ]
      }
    },
    {
      "650": {
        "ind1": "\\",
        "ind2": "2",
        "subfields": [
          {
            "a": "Home Care Services"
          },
          {
            "x": "organization & administration."
          }
        ]
      }
    },
    {
      "651": {
        "ind1": "\\",
        "ind2": "2",
        "subfields": [
          {
            "a": "United States."
          }
        ]
      }
    },
    {
      "650": {
        "ind1": "\\",
        "ind2": "7",
        "subfields": [
          {
            "a": "Older people"
          },
          {
            "x": "Home care."
          },
          {
            "2": "fast"
          },
          {
            "0": "(OCoLC)fst01199110"
          }
        ]
      }
    },
    {
      "651": {
        "ind1": "\\",
        "ind2": "7",
        "subfields": [
          {
            "a": "United States."
          },
          {
            "2": "fast"
          },
          {
            "0": "(OCoLC)fst01204155"
          }
        ]
      }
    },
    {
      "700": {
        "ind1": "1",
        "ind2": "\\",
        "subfields": [
          {
            "a": "Bogdonoff, Morton D.,"
          },
          {
            "d": "1925-"
          }
        ]
      }
    },
    {
      "776": {
        "ind1": "0",
        "ind2": "8",
        "subfields": [
          {
            "i": "Online version:"
          },
          {
            "t": "Living-at-home program."
          },
          {
            "d": "New York : Springer, \u00a91991"
          },
          {
            "w": "(OCoLC)666165788"
          }
        ]
      }
    },
    {
      "994": {
        "ind1": "\\",
        "ind2": "\\",
        "subfields": [
          {
            "a": "Z0"
          },
          {
            "b": "NYRVC"
          }
        ]
      }
    },
    {
      "948": {
        "ind1": "\\",
        "ind2": "\\",
        "subfields": [
          {
            "h": "NO HOLDINGS IN NYRVC - 187 OTHER HOLDINGS"
          }
        ]
      }
    },
    {
      "999": {
        "ind1": "\\",
        "ind2": "\\",
        "subfields": [
          {
            "a": "00000000013342"
          }
        ]
      }
    }
  ]
}